@online{MEM2024disaster,
  author    = {中华人民共和国应急管理部},
  title     = {国家防灾减灾救灾委员会办公室 应急管理部发布2023年全国自然灾害基本情况},
  year      = {2024},
  url       = {https://www.mem.gov.cn/xw/yjglbgzdt/202401/t20240120_475697.shtml},
  urldate   = {2024-01-20}
}

@online{MEM2023floodconference,
  author    = {中华人民共和国应急管理部},
  title     = {国新办举行防汛抗旱工作情况国务院政策例行吹风会},
  year      = {2023},
  url       = {https://www.mem.gov.cn/xw/xwfbh/2023n7y25rxwfbh_5610},
  urldate   = {2023-07-25}
}

@book{chen2009modern,
  title     = {现代应急管理理论与方法},
  author    = {陈安 and 陈宁 and 倪慧荟 and others},
  year      = {2009},
  publisher = {科学出版社},
  address   = {北京}
}

@article{sheu2010dynamic,
  title     = {Dynamic relief-demand management for emergency logistics operations under large-scale disasters},
  author    = {Sheu, Jiuh-Biing},
  journal   = {Transportation Research Part E},
  volume    = {46},
  number    = {1},
  pages     = {1--17},
  year      = {2010},
  publisher = {Elsevier}
}

@article{chang2007scenario,
  title     = {A scenario planning approach for the flood emergency logistics preparation problem under uncertainty},
  author    = {Chang, Ming-Shiun and Tseng, Yen-Liang and Chen, Jin-Wu},
  journal   = {Transportation Research Part E},
  volume    = {43},
  number    = {6},
  pages     = {737--754},
  year      = {2007},
  publisher = {Elsevier}
}

@article{chen2014突发事件灾前应急物资政企联合储备模式,
  title     = {突发事件灾前应急物资政企联合储备模式},
  author    = {陈业华 and 史开菊},
  journal   = {系统工程},
  volume    = {32},
  number    = {2},
  pages     = {84--90},
  year      = {2014}
}

@article{lu2009应急物资储备的社会化研究,
  title     = {应急物资储备的社会化研究},
  author    = {卢少平 and 袁春满 and 朱斌 and others},
  journal   = {物流技术},
  volume    = {28},
  number    = {8},
  pages     = {15--17},
  year      = {2009}
}

@article{wang2023防汛物资,
  author    = {王伟 and 宋月 and 陈志松 and others},
  title     = {防汛物资应急储备管理博弈决策模型},
  journal   = {中国安全科学学报},
  year      = {2023},
  volume    = {33},
  number    = {5},
  pages     = {191--198}
}

@article{Li2022Stackelberg,
  author    = {Li, Yingke and Liu, Zhenyi and Li, Shuhong and Yang, Jun and Zhou, Yi},
  title     = {Government-Enterprise Collaboration Reserve Decision Model of Emergency Supplies Based on Stackelberg Game},
  journal   = {SSRN Electronic Journal},
  year      = {2022},
  doi       = {10.2139/ssrn.4165443},
  url       = {https://ssrn.com/abstract=4165443}
}

@article{Zhang2022Evolutionary,
  author    = {Zhang, Meng and Kong, Zhaojun},
  title     = {A tripartite evolutionary game model of emergency supplies joint reserve among the government, enterprise and society},
  journal   = {Computers \& Industrial Engineering},
  year      = {2022},
  volume    = {169},
  pages     = {108132},
  doi       = {10.1016/j.cie.2022.108132}
}

@article{egan2010private,
  title     = {Private goods and services contracts: Increased emergency response capacity or increased vulnerability},
  author    = {Egan, Margaret J},
  journal   = {International Journal of Production Economics},
  volume    = {126},
  pages     = {46--56},
  year      = {2010},
  publisher = {Elsevier}
}

@article{balcik2010coordination,
  title     = {Coordination in humanitarian relief chains: Practices, challenges and opportunities},
  author    = {Balcik, Burcu and Beamon, Benita M and Krejci, Carleen C and others},
  journal   = {International Journal of Production Economics},
  volume    = {126},
  pages     = {22--34},
  year      = {2010},
  publisher = {Elsevier}
}

@article{vanwyk2011modeling,
  title     = {Modeling of uncertainty in minimizing the cost of inventory for disaster relief},
  author    = {Van Wyk, Elmi and Bean, William L and Yadavalli, V S S},
  journal   = {South African Journal of Industrial Engineering},
  volume    = {22},
  number    = {1},
  pages     = {1--11},
  year      = {2011}
}

@article{coskun2019relief,
  title     = {Relief aid stocking decisions under bilateral agency cooperation},
  author    = {Coskun, Alper and Elmaghraby, Wael and Karaman, Mustafa Murat},
  journal   = {Socio-Economic Planning Sciences},
  volume    = {67},
  number    = {9},
  pages     = {147--165},
  year      = {2019},
  publisher = {Elsevier}
}

@article{ding2012基于政企联合储备模式下的应急物资的EOQ模型,
  title     = {基于政企联合储备模式下的应急物资的EOQ模型},
  author    = {丁斌 and 邹月月},
  journal   = {大连理工大学学报(社会科学版)},
  volume    = {33},
  number    = {1},
  pages     = {90--94},
  year      = {2012}
}

@article{shao2023非常规突发事件,
  author    = {邵舒羽 and 刘艳 and 王晴 and others},
  title     = {非常规突发事件下应急物资储备政企协同演化博弈},
  journal   = {中国安全科学学报},
  year      = {2023},
  volume    = {33},
  number    = {4},
  pages     = {210--220}
}

@article{zhao2010coordination,
  title     = {Coordination of supply chain by option contracts: A cooperative game theory approach},
  author    = {Zhao, Yongxiu and Wang, Shouyang and Cheng, T C E and others},
  journal   = {European Journal of Operational Research},
  volume    = {207},
  number    = {2},
  pages     = {668--675},
  year      = {2010},
  publisher = {Elsevier}
}

@article{Liu2020Option,
  author    = {刘阳 and 田军 and 冯耕中 and 扈衷权},
  title     = {基于期权契约的政企联合储备应急物资模型与利润分配机制研究},
  journal   = {中国管理科学},
  year      = {2020},
  volume    = {28},
  number    = {8},
  pages     = {162--171},
  doi       = {10.16381/j.cnki.issn1003-207x.2020.08.014}
}

@article{Pang2020PhysicalOption,
  author    = {庞海云 and 叶永},
  title     = {基于实物期权契约的应急物资政企联合储备模型},
  journal   = {系统管理学报},
  year      = {2020},
  volume    = {29},
  number    = {4},
  pages     = {733--741},
  doi       = {10.3969/j.issn.1005-2542.2020.04.012}
}

@article{Liu2024OptionProcurement,
  author    = {刘阳 and 贾顺 and 田军 and 高晓宁},
  title     = {基于期权契约的应急物资储备采购模型及策略研究},
  journal   = {山东科技大学学报(社会科学版)},
  year      = {2024},
  volume    = {26},
  number    = {6},
  pages     = {64--77}
}

@article{rabbani2015option,
  title     = {Option contract application in emergency supply chain},
  author    = {Rabbani, Masoud and Arani, Hojjatollah Vahdani and Rafiei, H},
  journal   = {International Journal of Services and Operations Management},
  volume    = {20},
  number    = {4},
  pages     = {385--397},
  year      = {2015},
  publisher = {Inderscience Publishers}
}

@article{wang2015prepurchasing,
  author    = {Wang, Xihui and Li, Feng and Liang, Liang and others},
  title     = {Pre-purchasing with option contract and coordination in a relief supply chain},
  journal   = {International Journal of Production Economics},
  year      = {2015},
  volume    = {167},
  pages     = {170--176}
}

@article{nikkhoo2018coordination,
  author    = {Nikkhoo, F. and Bozorgi-Amiri, A. and Heydari, J.},
  title     = {Coordination of relief items procurement in humanitarian logistic based on quantity flexibility contract},
  journal   = {International Journal of Disaster Risk Reduction},
  year      = {2018},
  volume    = {31},
  pages     = {331--340}
}

@article{Gong2024Quantity,
  author    = {巩玲君 and 姜星宇 and 郭柯廷},
  title     = {数量柔性契约下的政企三方联合储备决策研究},
  journal   = {中国安全科学学报},
  year      = {2024},
  volume    = {34},
  number    = {10},
  pages     = {221--228},
  doi       = {10.16265/j.cnki.issn1003-3033.2024.10.0310}
}

@article{chai2021考虑储备周期,
  author    = {柴亚光 and 李芃萱},
  title     = {考虑储备周期的应急物资柔性采购模型},
  journal   = {管理学报},
  year      = {2021},
  volume    = {18},
  number    = {7},
  pages     = {1068--1075}
}
@misc{ndrc2022,
  title={{“十四五”国家应急体系规划}},
  author={{国家发展和改革委员会}},
  year={2022},
  day={25},
  publisher={{中华人民共和国国家发展和改革委员会}}
}

@misc{sfdrrmc2024,
  title={{国家防灾减灾救灾委员会办公室关于进一步加强应急抢险救灾物资保障体系和能力建设的指导意见}},
  author={{国家防灾减灾救灾委员会办公室}},
  year={2024},
  day={23},
  organization={{国家防灾减灾救灾委员会办公室}},
  number={国防减救办发〔2024〕13号},
  howpublished={\url{https://www.mem.gov.cn/gk/zfxxgkpt/fdzdgknr/202410/t20241023_506225.shtml}} % 请替换为实际的文档URL
}
@article{Chen2023Contract,
  author    = {陈建华 and 佘郭婧},
  title     = {应急物资政企联合储备契约机制研究},
  journal   = {管理荟萃},
  year      = {2023},
  number    = {12},
  pages     = {044},
  doi       = {10.19885/j.cnki.hbqy.2023.12.044}
}

@article{Li2024CooperationStrategies,
  author    = {李晟 and 丰景春 and 吴凯丽 and 张可},
  title     = {政企联合储备应急物资的合作策略研究},
  journal   = {中国管理科学},
  year      = {2024},
  volume    = {32},
  number    = {11},
  pages     = {222--232},
  doi       = {10.16381/j.cnki.issn1003-207x.2022.0859}
}

@article{wang2023成本共担契约下生鲜农产品供应链融资策略优化研究,
  title     = {成本共担契约下生鲜农产品供应链融资策略优化研究},
  author    = {王苗苗 and 江雯雯 and 朱晓曦},
  journal   = {云南农业大学学报（社会科学）},
  volume    = {17},
  number    = {2},
  pages     = {116--126},
  year      = {2023}
}

@article{zhou2017基于公平关切的低碳供应链广告合作减排成本分担契约与协调,
  title     = {基于公平关切的低碳供应链广告合作-减排成本分担契约与协调},
  author    = {周艳菊 and 鲍茂景 and 陈晓红 and others},
  journal   = {中国管理科学},
  volume    = {25},
  number    = {2},
  pages     = {121--129},
  year      = {2017}
}

@article{black1973pricing,
  title     = {The pricing of options and corporate liabilities},
  author    = {Black, Fischer and Scholes, Myron},
  journal   = {The Journal of Political Economy},
  volume    = {81},
  number    = {3},
  pages     = {637--639},
  year      = {1973},
  publisher = {University of Chicago Press}
}

@article{barnes2002coordination,
  title     = {Coordination and flexibility in supply contracts with options},
  author    = {Barnes-Schuster, Dana and Bassok, Yehuda and Anupindi, Ravi},
  journal   = {Manufacturing and Services Operations Management},
  volume    = {4},
  number    = {3},
  pages     = {171--207},
  year      = {2002},
  publisher = {INFORMS}
}

@article{xu2010managing,
  title     = {Managing production and procurement through option contracts in supply chains with random yield},
  author    = {Xu, Hong},
  journal   = {International Journal of Production Economics},
  volume    = {126},
  number    = {2},
  pages     = {306--313},
  year      = {2010},
  publisher = {Elsevier}
}


@article{torabi2018integrated,
  author    = {Torabi, S. A. and Shokr, I. and Tofighi, S. and others},
  title     = {Integrated relief pre-positioning and procurement planning in humanitarian supply chains},
  journal   = {Transportation Research Part E: Logistics and Transportation Review},
  year      = {2018},
  volume    = {113},
  pages     = {123--146}
}

@article{li2022政企联合储备,
  author    = {李晟 and 丰景春 and 吴凯丽 and others},
  title     = {政企联合储备应急物资的激励决策},
  journal   = {系统管理学报},
  year      = {2022},
  volume    = {31},
  number    = {5},
  pages     = {840--850}
}

@article{wang2023考虑维护水平,
  author    = {王喆 and 丛子皓 and 梁梦宇 and others},
  title     = {考虑维护水平的城镇防汛物资政企联合储备决策},
  journal   = {中国安全科学学报},
  year      = {2023},
  volume    = {33},
  number    = {4},
  pages     = {202--209}
}

@article{hu2018考虑企业生产能力,
  author    = {胡少龙 and 韩传峰 and 孟令鹏 and others},
  title     = {考虑企业生产能力储备的应急物资配置随机规划模型},
  journal   = {系统工程理论与实践},
  year      = {2018},
  volume    = {38},
  number    = {6},
  pages     = {1536--1544}
}

@article{zhang2016emergency,
  author    = {Zhang, Yongling and Chen, Lu},
  title     = {Emergency materials reserve of government for natural disasters},
  journal   = {Natural Hazards},
  year      = {2016},
  volume    = {81},
  pages     = {1--14}
}

@article{jiang2024基于代储模式,
  author    = {姜旭 and 秦子楚 and 辛少凡},
  title     = {基于代储模式政企应急物资多级储备决策研究},
  journal   = {系统工程},
  year      = {2024},
  volume    = {42},
  number    = {1},
  pages     = {87--99}
}

@online{china_emergency_management_2020,
  title = {全国基础版家庭应急物资储备建议清单},
  author = {{中华人民共和国应急管理部}},
  year = {2020},
  url = {https://www.mem.gov.cn/kp/shaq/202011/t20201129_372149.shtml}
}


@article{LIY2023,
    author = {李璎珂 and 刘振翼 and 李舒泓 and 杨军 and 周轶 and 张鹏 and 时德轶},
    title = {基于Stackelberg博弈的应急物资政企协同储备决策模型},
    journal = {中国安全生产科学技术},
    year = {2023},
    volume = {19},
    number = {6},
    pages = {33-39}
}

@mastersthesis { zhengh2023,
author = { 郑慧敏 },
title = {考虑企业社会责任的政企联合应急物资储备模式优化研究},
school = {南京财经大学},
year = {2023}
}

@article{ XTGL202004012,
author = { 庞海云 and  叶永 },
title = {基于实物期权契约的应急物资政企联合储备模型},
journal = {系统管理学报},
volume = {29},
number = {04},
pages = {733-741},
year = {2020},
issn = {1005-2542},
}